@article{itlocus,
  author =       {Prescott, Mary B. and Conger, Sue A.},
  title =        {Information Technology Innovations: A Classification by IT
                  Locus of Impact and Research Approach},
  journal =      {SIGMIS Database},
  volume =       26,
  number =       {2-3},
  pages =        {20--41},
  year =         1995,
  doi =          {10.1145/217278.217284},
  acmid =        217284,
  address =      {New York, NY, USA},
  issn =         {0095-0033},
  issue_date =   {May/Aug. 1995},
  keywords =     {diffusion stages, factor research, information technology
                  diffusion, process research},
  month =        may,
  numpages =     22,
  publisher =    {ACM},
}

@book{everett,
  author =       {Everett Roger},
  title =        {Diffusion of Innovations},
  year =         2003,
  publisher =    {Simon and Schuster},
  edition =      5,
  isbn =         {978-0-7432-5823-4},
}

@InProceedings{whatswrongwithdoi,
  author =       "Lyytinen, Kalle and Damsgaard, Jan",
  title =        "What's Wrong with the Diffusion of Innovation Theory?",
  booktitle =    "Diffusing Software Product and Process Innovations",
  year =         2001,
  pages =        "173--190",
  address =      "Boston, MA",
  editor =       "Ardis, Mark A. and Marcolin, Barbara L.",
  isbn =         "978-0-387-35404-0",
  publisher =    "Springer US",
}

@Inbook{fiveopenscience,
  address =      "Cham",
  author =       "Fecher, Benedikt and Friesike, Sascha",
  bookTitle =    "Opening Science: The Evolving Guide on How the Internet is
                  Changing Research, Collaboration and Scholarly Publishing",
  doi =          "10.1007/978-3-319-00026-8_2",
  editor =       "Bartling, S{\"o}nke and Friesike, Sascha",
  isbn =         "978-3-319-00026-8",
  pages =        "17--47",
  publisher =    "Springer International Publishing",
  title =        "Open Science: One Term, Five Schools of Thought",
  year =         "2014",
}

@article{openaccessimpact,
  author =       {Tennant, J.P. and Waldner, F. and Jacques. D.C. and Masuzzo,
                  P. and Collister, L.B. and Hartgerink, C.H.},
  title =        {The academic, economic and societal impacts of Open Access: an
                  evidence-based review.},
  journal =      {F1000Res},
  year =         2016,
  doi =          {10.12688/f1000research.8460.3},
}

@article{diffknowl,
  author =       "Olav Sorenson and Lee Fleming",
  title =        "Science and the diffusion of knowledge",
  journal =      "Research Policy",
  volume =       33,
  number =       10,
  pages =        "1615 - 1634",
  year =         2004,
  doi =          "10.1016/j.respol.2004.09.008",
  issn =         "0048-7333",
  keywords =     "Research, Publication, Reference",
}

@article{marxecon,
  author =       { Nathan Rosenberg },
  title =        {Karl Marx on the Economic Role of Science},
  journal =      {Journal of Political Economy},
  volume =       82,
  number =       4,
  pages =        {713-728},
  year =         1974,
  doi =          {10.1086/260230},
}

@article{pharmaresearch,
  author =       {Rebecca Henderson and Iain Cockburn},
  title =        {Measuring Competence? Exploring Firm Effects in Pharmaceutical
                  Research},
  journal =      {Strategic Management Journal},
  volume =       15,
  number =       {S1},
  pages =        {63-84},
  year =         1994,
  doi =          {10.1002/smj.4250150906},
  keywords =     {Firm effects, organizational competence, resource‚Äêbased view,
                  pharmaceutical research productivity},
}

@article{communities,
  author =       "R. Lambiotte and P. Panzarasa",
  title =        "Communities, knowledge creation, and information diffusion",
  journal =      "Journal of Informetrics",
  volume =       3,
  number =       3,
  pages =        "180 - 190",
  year =         2009,
  doi =          "10.1016/j.joi.2009.03.007",
  issn =         "1751-1577",
  keywords =     "Communities, Scientific creativity, Social cohesion,
                  Brokerage, Information diffusion",
  note =         "Science of Science: Conceptualizations and Models of Science",
}

@article{paperawareness,
  author =       {Yan, K. K. and Gerstein, M.},
  title =        {The Spread of Scientific Information: Insights from the Web
                  Usage Statistics in PLoS Article-Level Metrics},
  journal =      {PLoS ONE},
  year =         2011,
  doi =          {10.1371/journal.pone.0019917},
}

@article{licensing,
  author =       {Morin, A. and Urban, J. and Sliz, P. },
  title =        {A Quick Guide to Software Licensing for the
                  Scientist-Programmer.},
  journal =      {PLoS Comput Biol},
  volume =       8,
  number =       7,
  year =         20120,
  doi =          {10.1371/journal.pcbi.1002598},
}

@article{infoshar,
  author =       "Carolin Haeussler",
  title =        "Information-sharing in academia and the industry: A
                  comparative study",
  journal =      "Research Policy",
  volume =       40,
  number =       1,
  pages =        "105 - 122",
  year =         2011,
  doi =          "10.1016/j.respol.2010.08.007",
  issn =         "0048-7333",
  keywords =     "Information-sharing, Social capital, Reciprocity, Open
                  science, Bio-sciences, IP protection mechanisms",
  note =         "Special Section on Heterogeneity and University-Industry
                  Relations",
}


@article{opendata,
  author =       "Patrick Andreoli-Versbach and Frank Mueller-Langer",
  title =        "Open access to data: An ideal professed but not practised",
  journal =      "Research Policy",
  volume =       43,
  number =       9,
  pages =        "1621 - 1633",
  year =         2014,
  doi =          "10.1016/j.respol.2014.04.008",
  issn =         "0048-7333",
  keywords =     "Voluntary data-sharing, Mandatory data-disclosure, Open
                  science",
}

@article{bitcoin,
  author =       {Satoshi Nakamoto},
  title =        {Bitcoin: a Peer-to-Peer Electronic Cash System},
  year =         {2009},
  month =        {May},
}

@incollection{imagenet,
  author =       {Alex Krizhevsky and Sutskever, Ilya and Hinton, Geoffrey E},
  booktitle =    {Advances in Neural Information Processing Systems 25},
  editor =       {F. Pereira and C. J. C. Burges and L. Bottou and K. Q.
                  Weinberger},
  pages =        {1097--1105},
  publisher =    {Curran Associates, Inc.},
  title =        {ImageNet Classification with Deep Convolutional Neural
                  Networks},
  year =         2012,
}

