
@article {tkespectrumsrc,
author = {Scorer, R. S.},
title = {Atmospheric data analysis, Roger Daley, Cambridge Atmospheric and Space Science Series, Cambridge University Press, Cambridge, 1991. No. of pages: xiv + 457. ISBN 0521 382157},
journal = {International Journal of Climatology},
volume = {12},
number = {7},
publisher = {John Wiley & Sons, Ltd.},
issn = {1097-0088},
url = {http://dx.doi.org/10.1002/joc.3370120708},
doi = {10.1002/joc.3370120708},
pages = {763--764},
year = {1992},
}


@article {tkespectrumorig,
author = {VINNICHENKO, N. K.},
title = {The kinetic energy spectrum in the free atmosphereâ€”1 second to 5 years},
journal = {Tellus},
volume = {22},
number = {2},
publisher = {Blackwell Publishing Ltd},
issn = {2153-3490},
url = {http://dx.doi.org/10.1111/j.2153-3490.1970.tb01517.x},
doi = {10.1111/j.2153-3490.1970.tb01517.x},
pages = {158--166},
year = {1970},
}

@Article{basicatm,
author="H{\"o}gstr{\"o}m, Ulf",
title="Review of some basic characteristics of the atmospheric surface layer",
journal="Boundary-Layer Meteorology",
year="1996",
month="Mar",
day="01",
volume="78",
number="3",
pages="215--246",
issn="1573-1472",
doi="10.1007/BF00120937",
url="https://doi.org/10.1007/BF00120937"
}

@Book{microhandbook,
ALTauthor = {Lee, Xuhui, Massman, William, Law, Beverly},
title = {Handbook of Micrometeorology: A Guide for Surface Flux Measurement and Analysis},
publisher = {Kluwer Academic Publishers},
year = {2004},
OPTvolume = {29},
OPTseries = {Atmospheric and Oceanographic Sciences Library},
}

@TechReport{winddistortion,
author = {H.R.A. Wessels},
title = {Distortion of the wind field by the Cabauw meteorological tower},
institution = {Koninklijk Nederlands Meteorologisch Instituut},
year = {1983},
}

@TechReport{windinstr,
author = {W.A.A. Monna},
title = {Comparative investigation of dynamic properties of some propeller vanes},
institution = {Koninklijk Nederlands Meteorologisch Instituut},
year = {1978},
}

@Book{numopt,
ALTauthor = {Wright & Nocedal},
title = {Numerical Optimization},
year = {1999},
}
